<marc:collection xmlns:marc="http://www.loc.gov/MARC21/slim" xmlns:xsi="http://www.w3.org/2001/XMLSchema-instance" xsi:schemaLocation="http://www.loc.gov/MARC21/slim http://www.loc.gov/standards/marcxml/schema/MARC21slim.xsd">
    <marc:record type="Bibliographic">
        <marc:leader>02797cem a2200565 a 4500</marc:leader>
        <marc:controlfield tag="001">6379524</marc:controlfield>
        <marc:controlfield tag="005">20111011084456.0</marc:controlfield>
        <marc:controlfield tag="007">ad canzn</marc:controlfield>
        <marc:controlfield tag="008">970221s1851    enkd      b     0   eng  </marc:controlfield>
        <marc:datafield tag="010" ind1=" " ind2=" ">
            <marc:subfield code="a">   06004080 </marc:subfield>
        </marc:datafield>
        <marc:datafield tag="035" ind1=" " ind2=" ">
            <marc:subfield code="a">(OCoLC)ocm36509409</marc:subfield>
        </marc:datafield>
        <marc:datafield tag="040" ind1=" " ind2=" ">
            <marc:subfield code="a">DLC</marc:subfield>
            <marc:subfield code="c">DLC</marc:subfield>
            <marc:subfield code="d">OCL</marc:subfield>
            <marc:subfield code="d">OCLCG</marc:subfield>
            <marc:subfield code="d">NjP</marc:subfield>
        </marc:datafield>
        <marc:datafield tag="034" ind1="0" ind2=" ">
            <marc:subfield code="a">a</marc:subfield>
        </marc:datafield>
        <marc:datafield tag="035" ind1=" " ind2=" ">
            <marc:subfield code="a">(OCoLC)36509409</marc:subfield>
        </marc:datafield>
        <marc:datafield tag="050" ind1="0" ind2="0">
            <marc:subfield code="a">G1046.E1</marc:subfield>
            <marc:subfield code="b">P8 1851</marc:subfield>
        </marc:datafield>
        <marc:datafield tag="052" ind1=" " ind2=" ">
            <marc:subfield code="a">3200</marc:subfield>
        </marc:datafield>
        <marc:datafield tag="100" ind1="1" ind2=" ">
            <marc:subfield code="a">Prichard, James Cowles,</marc:subfield>
            <marc:subfield code="d">1786-1848.</marc:subfield>
        </marc:datafield>
        <marc:datafield tag="245" ind1="1" ind2="0">
            <marc:subfield code="a">Six ethnographical maps, illustrative of "The natural history of man," and "Reasearches into the physical history of mankind." by James Cowles Prichard ...</marc:subfield>
            <marc:subfield code="h">[map].</marc:subfield>
        </marc:datafield>
        <marc:datafield tag="246" ind1="3" ind2="0">
            <marc:subfield code="i">Map title:</marc:subfield>
            <marc:subfield code="a">Ethnographical map of Asia</marc:subfield>
        </marc:datafield>
        <marc:datafield tag="246" ind1="3" ind2="0">
            <marc:subfield code="i">Map title:</marc:subfield>
            <marc:subfield code="a">Ethnographical map of Europe</marc:subfield>
        </marc:datafield>
        <marc:datafield tag="246" ind1="3" ind2="0">
            <marc:subfield code="i">Map title:</marc:subfield>
            <marc:subfield code="a">Ethnographical map of Africa</marc:subfield>
        </marc:datafield>
        <marc:datafield tag="246" ind1="3" ind2="0">
            <marc:subfield code="i">Map title:</marc:subfield>
            <marc:subfield code="a">Ethnographical map of North America</marc:subfield>
        </marc:datafield>
        <marc:datafield tag="246" ind1="3" ind2="0">
            <marc:subfield code="i">Map title:</marc:subfield>
            <marc:subfield code="a">Ethnographical map of South America</marc:subfield>
        </marc:datafield>
        <marc:datafield tag="246" ind1="3" ind2="0">
            <marc:subfield code="i">Map title:</marc:subfield>
            <marc:subfield code="a">Ethnographical map of Polynesia</marc:subfield>
        </marc:datafield>
        <marc:datafield tag="250" ind1=" " ind2=" ">
            <marc:subfield code="a">2d ed.</marc:subfield>
        </marc:datafield>
        <marc:datafield tag="255" ind1=" " ind2=" ">
            <marc:subfield code="a">Scales differ.</marc:subfield>
        </marc:datafield>
        <marc:datafield tag="260" ind1=" " ind2=" ">
            <marc:subfield code="a">London,</marc:subfield>
            <marc:subfield code="a">New York,</marc:subfield>
            <marc:subfield code="b">H. Ballière,</marc:subfield>
            <marc:subfield code="c">1851.</marc:subfield>
        </marc:datafield>
        <marc:datafield tag="300" ind1=" " ind2=" ">
            <marc:subfield code="a">3 p., 6 double maps</marc:subfield>
            <marc:subfield code="b">hand col.</marc:subfield>
            <marc:subfield code="c">54 x 35 cm.</marc:subfield>
        </marc:datafield>
        <marc:datafield tag="500" ind1=" " ind2=" ">
            <marc:subfield code="a">Relief shown by hachures.</marc:subfield>
        </marc:datafield>
        <marc:datafield tag="500" ind1=" " ind2=" ">
            <marc:subfield code="a">No. t.-p.; title supplied from label.</marc:subfield>
        </marc:datafield>
        <marc:datafield tag="500" ind1=" " ind2=" ">
            <marc:subfield code="a">Each map has title: Ethnographical map ... illustrative of Dr. Prichard's Natural history of man. And his Researches into the physical history of mankind. 2d. ed. 1851.</marc:subfield>
        </marc:datafield>
        <marc:datafield tag="500" ind1=" " ind2=" ">
            <marc:subfield code="a">Imprint at foot of each map as above.</marc:subfield>
        </marc:datafield>
        <marc:datafield tag="500" ind1=" " ind2=" ">
            <marc:subfield code="a">Text: 3 p. (44 x 28 cm)</marc:subfield>
        </marc:datafield>
        <marc:datafield tag="505" ind1="1" ind2=" ">
            <marc:subfield code="a">Ethnographical map of Asia -- Ethnographical map of Europe -- Ethnographical map of Africa -- Ethnographical map North America -- Ethnographical map of South America -- Ethnographical map of Polynesia.</marc:subfield>
        </marc:datafield>
        <marc:datafield tag="561" ind1=" " ind2=" ">
            <marc:subfield code="a">Historic Maps copy has bookplate and blindstamps of Connecticut State Library.</marc:subfield>
            <marc:subfield code="5">NjP</marc:subfield>
        </marc:datafield>
        <marc:datafield tag="650" ind1=" " ind2="0">
            <marc:subfield code="a">Ethnology</marc:subfield>
            <marc:subfield code="v">Maps.</marc:subfield>
        </marc:datafield>
        <marc:datafield tag="655" ind1=" " ind2="7">
            <marc:subfield code="a">Thematic maps</marc:subfield>
            <marc:subfield code="y">1851.</marc:subfield>
            <marc:subfield code="2">aat</marc:subfield>
        </marc:datafield>
        <marc:datafield tag="710" ind1="2" ind2=" ">
            <marc:subfield code="a">Connecticut State Library,</marc:subfield>
            <marc:subfield code="e">former owner.</marc:subfield>
            <marc:subfield code="5">NjP</marc:subfield>
        </marc:datafield>
        <marc:datafield tag="856" ind1="4" ind2="1">
            <marc:subfield code="z">See the title page</marc:subfield>
            <marc:subfield code="u">http://gisserver.princeton.edu/map/25829</marc:subfield>
        </marc:datafield>
        <marc:datafield tag="856" ind1="4" ind2="1">
            <marc:subfield code="z">See page 1</marc:subfield>
            <marc:subfield code="u">http://gisserver.princeton.edu/map/25830</marc:subfield>
        </marc:datafield>
        <marc:datafield tag="856" ind1="4" ind2="1">
            <marc:subfield code="z">See page 2</marc:subfield>
            <marc:subfield code="u">http://gisserver.princeton.edu/map/25831</marc:subfield>
        </marc:datafield>
        <marc:datafield tag="856" ind1="4" ind2="1">
            <marc:subfield code="z">See page 3</marc:subfield>
            <marc:subfield code="u">http://gisserver.princeton.edu/map/25832</marc:subfield>
        </marc:datafield>
        <marc:datafield tag="856" ind1="4" ind2="1">
            <marc:subfield code="z">See the Asia map</marc:subfield>
            <marc:subfield code="u">http://gisserver.princeton.edu/map/25833</marc:subfield>
        </marc:datafield>
        <marc:datafield tag="856" ind1="4" ind2="1">
            <marc:subfield code="z">See the Europe map</marc:subfield>
            <marc:subfield code="u">http://gisserver.princeton.edu/map/25834</marc:subfield>
        </marc:datafield>
        <marc:datafield tag="856" ind1="4" ind2="1">
            <marc:subfield code="z">See the Africa map</marc:subfield>
            <marc:subfield code="u">http://gisserver.princeton.edu/map/25835</marc:subfield>
        </marc:datafield>
        <marc:datafield tag="856" ind1="4" ind2="1">
            <marc:subfield code="z">See the North America map</marc:subfield>
            <marc:subfield code="u">http://gisserver.princeton.edu/map/25836</marc:subfield>
        </marc:datafield>
        <marc:datafield tag="856" ind1="4" ind2="1">
            <marc:subfield code="z">See the South America map</marc:subfield>
            <marc:subfield code="u">http://gisserver.princeton.edu/map/25837</marc:subfield>
        </marc:datafield>
        <marc:datafield tag="856" ind1="4" ind2="1">
            <marc:subfield code="z">See the Polynesia map</marc:subfield>
            <marc:subfield code="u">http://gisserver.princeton.edu/map/25838</marc:subfield>
        </marc:datafield>
        <marc:datafield tag="904" ind1=" " ind2=" ">
            <marc:subfield code="a">gls</marc:subfield>
            <marc:subfield code="b">g</marc:subfield>
            <marc:subfield code="h">m</marc:subfield>
            <marc:subfield code="c">p</marc:subfield>
            <marc:subfield code="e">20110114</marc:subfield>
        </marc:datafield>
        <marc:datafield tag="902" ind1=" " ind2=" ">
            <marc:subfield code="a">gls</marc:subfield>
            <marc:subfield code="b">m</marc:subfield>
            <marc:subfield code="6">e</marc:subfield>
            <marc:subfield code="7">m</marc:subfield>
            <marc:subfield code="d">v</marc:subfield>
            <marc:subfield code="f">1</marc:subfield>
            <marc:subfield code="e">20110114</marc:subfield>
        </marc:datafield>
    </marc:record>
    <marc:record type="Holdings">
        <marc:leader>00172cx  a22000851  4500</marc:leader>
        <marc:controlfield tag="001">6368742</marc:controlfield>
        <marc:controlfield tag="004">6379524</marc:controlfield>
        <marc:controlfield tag="005">20110207090922.0</marc:controlfield>
        <marc:controlfield tag="008">1101144u    8   1001uu   0901128</marc:controlfield>
        <marc:datafield tag="852" ind1="8" ind2=" ">
            <marc:subfield code="b">map</marc:subfield>
            <marc:subfield code="h">2011-0007E</marc:subfield>
        </marc:datafield>
    </marc:record>
    <marc:record type="Holdings">
        <marc:leader>00182nx  a22000854  4500</marc:leader>
        <marc:controlfield tag="001">7317209</marc:controlfield>
        <marc:controlfield tag="004">6379524</marc:controlfield>
        <marc:controlfield tag="005">20130513163709.0</marc:controlfield>
        <marc:controlfield tag="008">1305134u    8   1001uu   0901128</marc:controlfield>
        <marc:datafield tag="852" ind1="8" ind2=" ">
            <marc:subfield code="b">elf1</marc:subfield>
            <marc:subfield code="h">Electronic Resource</marc:subfield>
        </marc:datafield>
    </marc:record>
</marc:collection>
